@misc{laravelGitHub,
	howpublished = {\url{https://github.com/laravel/laravel}},
	note = {posjećeno 12.6.2023.},
}
@misc{laravel,
	author = "{Laravel LCC}",
	title = {{Laravel - The PHP Framework For Web Artisans}},
	howpublished = {\url{https://laravel.com/}},
	note = {posjećeno 12.6.2023.},
}
@misc{artisanConsole,
	author = "{Laravel LCC}",
	title = {{Laravel Documentation - Artisan Console}},
	howpublished = {\url{https://laravel.com/docs/10.x/artisan}},
	note = {posjećeno 12.6.2023.},
}
@misc{releaseNotes,
	author = "{Laravel LCC}",
	title = {{Laravel Documentation - Release Notes}},
	howpublished = {\url{https://laravel.com/docs/10.x/releases}},
	note = {posjećeno 12.6.2023.},
}
